<?xml version="1.0" encoding="UTF-8"?><collection xmlns="http://www.loc.gov/MARC21/slim"><record><leader>00550nam--2200193-i-4500</leader><controlfield tag="001">000002522</controlfield><controlfield tag="002">20161230</controlfield><controlfield tag="005">20161230201025</controlfield><controlfield tag="008">060222s1000------------r-----000-0-eng-d</controlfield><datafield ind1=" " ind2=" " tag="020"><subfield code="a">0387977457</subfield></datafield><datafield ind1="1" ind2=" " tag="100"><subfield code="a">Lichtenberg, A.J</subfield></datafield><datafield ind1="1" ind2="0" tag="245"><subfield code="a">Regular and chaotic dynamics</subfield><subfield code="c">A.J. Lichtenberg ; M.A. Lieberman</subfield></datafield><datafield ind1=" " ind2=" " tag="250"><subfield code="a">Second Edition</subfield></datafield><datafield ind1=" " ind2=" " tag="260"><subfield code="a">Berlin, Springer-verlag, 1992</subfield></datafield><datafield ind1=" " ind2=" " tag="300"><subfield code="a">XXII + 692 P</subfield></datafield><datafield ind1=" " ind2=" " tag="490"><subfield code="a">Applied Mathematical Sciences</subfield><subfield code="v">Vol. 38</subfield></datafield><datafield ind1=" " ind2=" " tag="700"><subfield code="a">Lieberman, M.A</subfield></datafield><datafield ind1=" " ind2=" " tag="852"><subfield code="a">519.216</subfield><subfield code="c">519.2</subfield></datafield><datafield ind1=" " ind2=" " tag="CAT"><subfield code="a">Sys</subfield><subfield code="c">20100621</subfield><subfield code="h">113901</subfield></datafield></record></collection>